<?xml version="1.0" encoding="UTF-8"?><collection xmlns="http://www.loc.gov/MARC21/slim"><record><leader>00332nam--2200121-i-4500</leader><controlfield tag="001">000044727</controlfield><controlfield tag="002">20161230</controlfield><controlfield tag="005">20161230201044</controlfield><controlfield tag="008">060222s1000------------r-----000-0-eng-d</controlfield><datafield ind1=" " ind2=" " tag="100"><subfield code="a">Timmermans, J</subfield></datafield><datafield ind1=" " ind2=" " tag="245"><subfield code="a">Physico-chemical constants of pure organic compounds</subfield></datafield><datafield ind1=" " ind2=" " tag="260"><subfield code="a">Amsterdam, Elsevier Publ.Co., 1965, Viii+482p</subfield></datafield><datafield ind1=" " ind2=" " tag="852"><subfield code="a">22337</subfield></datafield></record></collection>